<?xml version="1.0" encoding="UTF-8"?><record xmlns="http://www.loc.gov/MARC21/slim" xmlns:cinclude="http://apache.org/cocoon/include/1.0" xmlns:zs="http://www.loc.gov/zing/srw/">
  <leader>00482nz  a2200121n  4500</leader>
  <controlfield tag="001">n  98109554 </controlfield>
  <controlfield tag="003">DLC</controlfield>
  <controlfield tag="005">19981211104107.1</controlfield>
  <controlfield tag="008">981211n| acannaab|          |n aaa |||  </controlfield>
  <datafield tag="010" ind1=" " ind2=" ">
    <subfield code="a">n  98109554 </subfield>
  </datafield>
  <datafield tag="040" ind1=" " ind2=" ">
    <subfield code="a">DLC</subfield>
    <subfield code="c">DLC</subfield>
  </datafield>
  <datafield tag="100" ind1="1" ind2="0">
    <subfield code="a">Billings, Gilbert,</subfield>
    <subfield code="d">1768-1856</subfield>
  </datafield>
  <datafield tag="670" ind1=" " ind2=" ">
    <subfield code="a">NUCMC data from Mystic Seaport Museum for Gilbert Billings collection, 1775-1856</subfield>
    <subfield code="b">(Gilbert Billings; 1768-1856; shipmaster; North Stonington, Conn.; later moved to Griswold, Conn., where became active in real estate)</subfield>
  </datafield>
</record>